<record><leader>00000cas a22000007a 4500</leader><controlfield tag="001">8776112</controlfield><controlfield tag="008">820915d18791889ksuwr ne      0   a0eng  </controlfield><controlfield tag="009">466</controlfield><datafield ind1=" " ind2=" " tag="010"><subfield code="a">sn 82014112 </subfield></datafield><datafield ind1=" " ind2=" " tag="040"><subfield code="a">DLC</subfield><subfield code="b">eng</subfield><subfield code="c">DLC</subfield><subfield code="d">NPT</subfield><subfield code="d">DLC</subfield></datafield><datafield ind1="1" ind2=" " tag="029"><subfield code="a">AU@</subfield><subfield code="b">000025812989</subfield></datafield><datafield ind1=" " ind2=" " tag="042"><subfield code="a">msc</subfield></datafield><datafield ind1="0" ind2="0" tag="050"><subfield code="a">Newspaper 7803-X</subfield></datafield><datafield ind1="0" ind2="4" tag="245"><subfield code="a">The Delphos herald.</subfield></datafield><datafield ind1=" " ind2=" " tag="260"><subfield code="a">Delphos, Kan. :</subfield><subfield code="b">D.B. Loudon,</subfield><subfield code="c">1879-</subfield></datafield><datafield ind1=" " ind2=" " tag="300"><subfield code="a">v. ;</subfield><subfield code="c">51-69 cm.</subfield></datafield><datafield ind1=" " ind2=" " tag="310"><subfield code="a">Weekly</subfield></datafield><datafield ind1="0" ind2=" " tag="362"><subfield code="a">Vol. 1, no. 1 (Feb. 7, 1879)-</subfield></datafield><datafield ind1="1" ind2=" " tag="362"><subfield code="a">Ceased in 1889?</subfield></datafield><datafield ind1=" " ind2=" " tag="500"><subfield code="a">"Republican."</subfield></datafield><datafield ind1=" " ind2=" " tag="525"><subfield code="a">Supplements accompany some issues.</subfield></datafield><datafield ind1=" " ind2=" " tag="752"><subfield code="a">United States</subfield><subfield code="b">Kansas</subfield><subfield code="c">Ottawa</subfield><subfield code="d">Delphos.</subfield></datafield><datafield ind1="0" ind2="7" tag="785"><subfield code="t">Bennington star</subfield><subfield code="w">(DLC)sn 85031629</subfield></datafield><datafield ind1="0" ind2="7" tag="785"><subfield code="t">Herald and star (Bennington, Kan.)</subfield><subfield code="w">(DLC)sn 85031630</subfield></datafield></record>